<?xml version="1.0" encoding="UTF-8"?><collection xmlns="http://www.loc.gov/MARC21/slim"><record><leader>00388nam--2200133-i-4500</leader><controlfield tag="001">000041346</controlfield><controlfield tag="002">20161230</controlfield><controlfield tag="005">20161230201043</controlfield><controlfield tag="008">060222s1000------------r-----000-0-eng-d</controlfield><datafield ind1=" " ind2=" " tag="080"><subfield code="a">539.184</subfield></datafield><datafield ind1=" " ind2=" " tag="100"><subfield code="a">Shapiro,Robert H</subfield></datafield><datafield ind1=" " ind2=" " tag="245"><subfield code="a">Spectral exercises in structural determination of organic compounds</subfield></datafield><datafield ind1=" " ind2=" " tag="260"><subfield code="a">New York, Holt, Rinehart And Winston, Inc.,1969. Xi + 209 P</subfield></datafield><datafield ind1=" " ind2=" " tag="852"><subfield code="a">32780</subfield></datafield></record></collection>